@online{iai,
	author   = {Luis Morgado},
	title    = {Introdução à inteligência artificial},
	url  = "https://2324moodle.isel.pt/pluginfile.php/1232247/mod_resource/content/1/02-introd-ia.pdf",
	year     = {2024},
}
@online{ies1,
	author   = {Luis Morgado},
	title    = {Introdução à engenharia de software - Parte 1},
	url  = "https://2324moodle.isel.pt/pluginfile.php/1232248/mod_resource/content/1/03-introd-eng-soft-1.pdf",
	year     = {2024},
}
@online{ies2,
	author   = {Luis Morgado},
	title    = {Introdução à engenharia de software - Parte 2},
	url  = "https://2324moodle.isel.pt/pluginfile.php/1232250/mod_resource/content/1/04-introd-eng-soft-2.pdf",
	year     = {2024},
}
@online{ies3,
	author   = {Luis Morgado},
	title    = {Introdução à engenharia de software - Parte 3},
	url  = "https://2324moodle.isel.pt/pluginfile.php/1232251/mod_resource/content/1/05-introd-eng-soft-3.pdf",
	year     = {2024},
}
@online{aar1,
	author   = {Luis Morgado},
	title    = {Arquitectura de agentes reactivos - Parte 1},
	url  = "https://2324moodle.isel.pt/pluginfile.php/1237114/mod_resource/content/1/06-arq-react-1.pdf",
	year     = {2024},
}
@online{aar2,
	author   = {Luis Morgado},
	title    = {Arquitectura de agentes reactivos - Parte 2},
	url  = "https://2324moodle.isel.pt/pluginfile.php/1237119/mod_resource/content/1/07-arq-react-2.pdf",
	year     = {2024},
}
@online{aar3,
	author   = {Luis Morgado},
	title    = {Arquitectura de agentes reactivos - Parte 3},
	url  = "https://2324moodle.isel.pt/pluginfile.php/1238392/mod_resource/content/1/08-arq-react-3.pdf",
	year     = {2024},
}
@online{p1,
	author   = {Luis Morgado},
	title    = {Projecto - Parte 1},
	url  = "https://2324moodle.isel.pt/pluginfile.php/1232249/mod_resource/content/2/P1-iasa-proj.pdf",
	year     = {2024},
}
@online{p2,
	author   = {Luis Morgado},
	title    = {Projecto - Parte 2},
	url  = "https://2324moodle.isel.pt/pluginfile.php/1237118/mod_resource/content/1/P2-iasa-proj.pdf",
	year     = {2024},
}